[gd_scene load_steps=11 format=2]

[ext_resource path="res://assets/textures/Player/playerShip1_orange.png" type="Texture" id=1]
[ext_resource path="res://src/player/Player.gd" type="Script" id=2]
[ext_resource path="res://assets/sounds/sfx_laser1.ogg" type="AudioStream" id=3]
[ext_resource path="res://src/particles/CollisionPart.tscn" type="PackedScene" id=4]
[ext_resource path="res://assets/sounds/collision.wav" type="AudioStream" id=5]
[ext_resource path="res://src/player/PlayerLaser.tscn" type="PackedScene" id=6]
[ext_resource path="res://src/player/PlayerLaser_green.tscn" type="PackedScene" id=7]
[ext_resource path="res://src/player/PlayerLaser_purple.tscn" type="PackedScene" id=8]
[ext_resource path="res://src/particles/Explosion.tscn" type="PackedScene" id=9]
[ext_resource path="res://assets/sounds/hit.wav" type="AudioStream" id=10]

[node name="Player" type="Area2D"]
rotation = 1.5708
collision_mask = 27
script = ExtResource( 2 )
PlayerLaser = ExtResource( 6 )
PlayerLaser_green = ExtResource( 7 )
PlayerLaser_purple = ExtResource( 8 )

[node name="Sprite" type="Sprite" parent="."]
texture = ExtResource( 1 )

[node name="CollisionPolygon2D" type="CollisionPolygon2D" parent="."]
polygon = PoolVector2Array( -46.2099, 24.9731, -49.7856, -5.48642, -44.0077, -7.4545, -40.4339, -0.0966568, -35.809, 2.63625, -12.4741, -11.4488, -7.84914, -37.5165, 7.70744, -37.0961, 12.5426, -12.0794, 35.6673, 1.58514, 40.2922, -0.306877, 43.866, -6.6136, 49.7523, -5.77271, 46.3887, 24.92, 43.0251, 24.0791, 41.5535, 20.7155, 34.1957, 23.4484, 14.2244, 27.4427, 8.33812, 37.3232, -7.63892, 37.3232, -13.9456, 27.4427, -36.2294, 23.4484, -40.8543, 20.5053, -41.6952, 24.0791 )

[node name="FireRate" type="Timer" parent="."]
one_shot = true

[node name="LaserPosition_topWing" type="Position2D" parent="."]
position = Vector2( -47.0001, -29.9998 )

[node name="LaserPosition_center" type="Position2D" parent="."]
position = Vector2( 0, -60 )

[node name="LaserPosition_bottomWing" type="Position2D" parent="."]
position = Vector2( 44.9999, -30.0002 )

[node name="LaserShoot" type="AudioStreamPlayer2D" parent="."]
stream = ExtResource( 3 )
bus = "Effects"

[node name="Collision" type="AudioStreamPlayer2D" parent="."]
stream = ExtResource( 5 )
bus = "Effects"

[node name="Laser" type="AudioStreamPlayer2D" parent="."]
stream = ExtResource( 10 )

[node name="CollisionPart" parent="." instance=ExtResource( 4 )]

[node name="MainExp" parent="." instance=ExtResource( 9 )]
position = Vector2( 0, -30 )

[node name="LaserPosition_topTip" type="Position2D" parent="."]
position = Vector2( -10.0002, -60 )

[node name="LaserPosition_bottomTip" type="Position2D" parent="."]
position = Vector2( 10, -60 )

[connection signal="area_entered" from="." to="." method="_on_Player_area_entered"]
